@article{bloom1970space,
  title = {Space/Time Trade-Offs in Hash Coding with Allowable Errors},
  author = {Bloom, Burton H.},
  year = {1970},
  month = jul,
  journal = {Communications of the ACM},
  volume = {13},
  number = {7},
  pages = {422--426},
}

@inproceedings{moenck1972Fast,
  title = {Fast Modular Transforms via Division},
  booktitle = {Proceedings of the 13th Annual Symposium on Switching and Automata Theory (SWAT)},
  author = {Moenck, R. and Borodin, A.},
  year = {1972},
  month = oct,
  pages = {90--96},
}

@article{lifan2000summary,
  title = {Summary Cache: A Scalable Wide-Area {Web} Cache Sharing Protocol},
  author = {{Li Fan} and {Pei Cao} and Almeida, J. and Broder, A.Z.},
  year = {2000},
  month = jun,
  journal = {IEEE/ACM Transactions on Networking},
  volume = {8},
  number = {3},
  pages = {281--293},
}

@article{mitzenmacher2002compressed,
  title = {Compressed {Bloom} Filters},
  author = {Mitzenmacher, M.},
  year = {2002},
  month = oct,
  journal = {IEEE/ACM Transactions on Networking},
  volume = {10},
  number = {5},
  pages = {604--612},
}

@article{pagh2004cuckoo,
  title = {Cuckoo Hashing},
  author = {Pagh, Rasmus and Rodler, Flemming Friche},
  year = {2004},
  month = may,
  journal = {Journal of Algorithms},
  volume = {51},
  number = {2},
  pages = {122--144},
}

@inproceedings{chazelle2004bloomier,
  title = {The {Bloomier} Filter: An Efficient Data Structure for Static Support Lookup Tables},
  booktitle = {Proceedings of the 15th ACM-SIAM Symposium on Discrete Algorithms (SODA)},
  author = {Chazelle, Bernard and Kilian, Joe and Rubinfeld, Ronitt and Tal, Ayellet},
  year = {2004},
  month = jan,
  pages = {30--39},
  publisher = {SIAM},
}

@article{dharmapurikar2006longest,
  title = {Longest Prefix Matching Using Bloom Filters},
  author = {Dharmapurikar, S. and Krishnamurthy, P. and Taylor, D.E.},
  year = {2006},
  month = apr,
  journal = {IEEE/ACM Transactions on Networking},
  volume = {14},
  number = {2},
  pages = {397--409},
}

@inproceedings{bonomi2006improved,
  title = {An Improved Construction for Counting {Bloom} Filters},
  booktitle = {Proceedings of the 14th European Symposium on Algorithms (ESA)},
  author = {Bonomi, Flavio and Mitzenmacher, Michael and Panigrahy, Rina and Singh, Sushil and Varghese, George},
  year = {2006},
  volume = {4168},
  pages = {684--695},
  publisher = {Springer},
}

@inproceedings{botelho2007simple,
  title = {Simple and Space-Efficient Minimal Perfect Hash Functions},
  booktitle = {Proceedings of the 10th Workshop on Algorithms and Data Structures (WADS)},
  author = {Botelho, Fabiano C. and Pagh, Rasmus and Ziviani, Nivio},
  year = {2007},
  pages = {139--150},
  publisher = {Springer},
}

@inproceedings{charles2008bloomier,
  title = {Bloomier Filters: A Second Look},
  booktitle = {Proceedings of the 16th European Symposium on Algorithms (ESA)},
  author = {Charles, Denis and Chellapilla, Kumar},
  year = {2008},
  pages = {259--270},
  publisher = {Springer},
}

@article{bose2008falsepositive,
  title = {On the False-Positive Rate of {Bloom} Filters},
  author = {Bose, Prosenjit and Guo, Hua and Kranakis, Evangelos and Maheshwari, Anil and Morin, Pat and Morrison, Jason and Smid, Michiel and Tang, Yihui},
  year = {2008},
  month = oct,
  journal = {Information Processing Letters},
  volume = {108},
  number = {4},
  pages = {210--213},
}

@article{putze2009cache,
  title = {Cache-, Hash-, and Space-Efficient {Bloom} Filters},
  author = {Putze, Felix and Sanders, Peter and Singler, Johannes},
  year = {2009},
  month = dec,
  journal = {ACM Journal of Experimental Algorithmics},
  volume = {14},
  number = {4},
  pages = {4.4--4.18},
}

@article{christensen2010new,
  title = {A New Analysis of the False Positive Rate of a {Bloom} Filter},
  author = {Christensen, Ken and Roginsky, Allen and Jimeno, Miguel},
  year = {2010},
  month = oct,
  journal = {Information Processing Letters},
  volume = {110},
  number = {21},
  pages = {944--949},
}

@article{geravand2013bloom,
  title = {Bloom Filter Applications in Network Security: A State-of-the-Art Survey},
  author = {Geravand, Shahabeddin and Ahmadi, Mahmood},
  year = {2013},
  month = dec,
  journal = {Computer Networks},
  volume = {57},
  number = {18},
  pages = {4047--4064},
}

@article{botelho2013Practical,
  title = {Practical Perfect Hashing in Nearly Optimal Space},
  author = {Botelho, Fabiano C. and Pagh, Rasmus and Ziviani, Nivio},
  year = {2013},
  month = mar,
  journal = {Information Systems},
  volume = {38},
  number = {1},
  pages = {108--131},
}

@inproceedings{dong2013when,
  title = {When Private Set Intersection Meets Big Data: An Efficient and Scalable Protocol},
  booktitle = {Proceedings of the 20th ACM Conference on Computer \& Communications Security},
  author = {Dong, Changyu and Chen, Liqun and Wen, Zikai},
  year = {2013},
  month = nov,
  pages = {789--800},
  publisher = {ACM},
}

@inproceedings{fan2014cuckoo,
  title = {Cuckoo Filter: Practically Better Than Bloom},
  booktitle = {Proceedings of the 10th ACM International on Conference on Emerging Networking Experiments and Technologies (CONEXT)},
  author = {Fan, Bin and Andersen, Dave G. and Kaminsky, Michael and Mitzenmacher, Michael D.},
  year = {2014},
  month = dec,
  pages = {75--88},
  publisher = {ACM},
}

@inproceedings{genuzio2016Fast,
  title = {Fast Scalable Construction of (Minimal Perfect Hash) Functions},
  booktitle = {Proceeding of the 15th International Symposium on Experimental Algorithms (SEA)},
  author = {Genuzio, Marco and Ottaviano, Giuseppe and Vigna, Sebastiano},
  year = {2016},
  pages = {339--352},
  publisher = {Springer},
}

@inproceedings{dietzfelbinger2019Efficient,
  title = {Efficient Gauss Elimination for Near-Quadratic Matrices with One Short Random Block per Row, with Applications},
  booktitle = {Proceedings of the 27th European Symposium on Algorithms (ESA)},
  author = {Dietzfelbinger, Martin and Walzer, Stefan},
  year = {2019},
  pages = {39:1--39:18},
  publisher = {Springer},
}

@article{luo2019optimizing,
  title = {Optimizing {Bloom} Filter: Challenges, Solutions, and Comparisons},
  author = {Luo, Lailong and Guo, Deke and Ma, Richard T. B. and Rottenstreich, Ori and Luo, Xueshan},
  year = {2019},
  journal = {IEEE Communications Surveys \& Tutorials},
  volume = {21},
  number = {2},
  pages = {1912--1949},
}

@article{wang2019vacuum,
  title = {Vacuum Filters: More Space-Efficient and Faster Replacement for {Bloom} and Cuckoo Filters},
  author = {Wang, Minmei and Zhou, Mingxun and Shi, Shouqian and Qian, Chen},
  year = {2019},
  month = oct,
  journal = {Proceedings of the VLDB Endowment},
  volume = {13},
  number = {2},
  pages = {197--210},
}

@article{breslow2020morton,
  title = {Morton Filters: Fast, Compressed Sparse Cuckoo Filters},
  author = {Breslow, Alex D. and Jayasena, Nuwan S.},
  year = {2020},
  month = may,
  journal = {The VLDB Journal},
  volume = {29},
  number = {2},
  pages = {731--754},
}

@article{graf2020xor,
  title = {Xor Filters: Faster and Smaller Than Bloom and Cuckoo Filters},
  volume = {25},
  journal = {ACM Journal of Experimental Algorithmics},
  author = {Graf, Thomas Mueller and Lemire, Daniel},
  month = mar,
  year = {2020},
  pages = {1.5:1--1.5:16},
}

@inproceedings{pinkas2020psi,
  title = {{PSI} from {PaXoS}: Fast, Malicious Private Set Intersection},
  booktitle = {Proceedings of the 39th Annual International Conference on the Theory and Applications of Cryptographic Techniques (EUROCRYPT)},
  author = {Pinkas, Benny and Rosulek, Mike and Trieu, Ni and Yanai, Avishay},
  year = {2020},
  pages = {739--767},
  publisher = {Springer},
}

@inproceedings{garimella2021oblivious,
  title = {Oblivious Key-Value Stores and Amplification for Private Set Intersection},
  booktitle = {Proceedings of the 41st Annual Cryptology Conference (CRYPTO)},
  author = {Garimella, Gayathri and Pinkas, Benny and Rosulek, Mike and Trieu, Ni and Yanai, Avishay},
  year = {2021},
  pages = {395--425},
  publisher = {Springer},
}

@misc{dillinger2021ribbon,
  title = {Ribbon Filter: Practically Smaller than {Bloom} and {Xor}},
  author = {Dillinger, Peter C. and Walzer, Stefan},
  year = {2021},
  month = mar,
  number = {arXiv:2103.02515},
  eprint = {2103.02515},
  publisher = {arXiv},
}

@article{graf2022binary,
  title = {Binary Fuse Filters: Fast and Smaller Than Xor Filters},
  author = {Graf, Thomas Mueller and Lemire, Daniel},
  year = {2022},
  journal = {ACM Journal of Experimental Algorithmics},
  volume = {27},
  number = {1.5},
  pages = {1--15},
  doi = {10.1145/3510449},
}

@inproceedings{raghuraman2022blazing,
  title = {Blazing Fast {PSI} from Improved {OKVS} and Subfield {VOLE}},
  booktitle = {Proceedings of the 29th ACM Conference on Computer and Communications Security (CCS)},
  author = {Raghuraman, Srinivasan and Rindal, Peter},
  year = {2022},
  month = nov,
  pages = {2505--2517},
  publisher = {ACM},
}

@article{li2023chainedfilter,
  title = {{ChainedFilter}: Combining Membership Filters by Chain Rule},
  author = {Li, Haoyu and Wang, Liuhui and Chen, Qizhi and Ji, Jianan and Wu, Yuhan and Zhao, Yikai and Yang, Tong and Akella, Aditya},
  year = {2023},
  journal = {Proceedings of the ACM on Management of Data},
  volume = {1},
  number = {4},
  pages = {234:1--234:27},
}

@inproceedings{bienstock2023NearOptimal,
  title = {Near-Optimal Oblivious Key-Value Stores for Efficient {PSI}, {PSU} and Volume-Hiding Multi-Maps},
  booktitle = {Proceedings of the 32nd USENIX Security Symposium (USENIX Security)},
  year = {2023},
  publisher = {USENIX Association},
  author = {Bienstock, Alexander and Patel, Sarvar and Seo, Joon Young and Yeo, Kevin},
  year = {2023}
}

@inproceedings{celi2024call,
  title = {Call Me By My Name: Simple, Practical Private Information Retrieval for Keyword Queries},
  author = {Celi, Sof{\'i}a and Davidson, Alex},
  booktitle = {Proceedings of the 31th ACM Conference on Computer and Communications Security (CCS)},
  year = {2024},
}

@article{2024YinSiJiHeYunSuanZhongDeGuanJianShuJuJieGouYanJiu,
  title = {隐私集合运算中的关键数据结构研究},
  author = {张响鸰 and 张聪 and 刘巍然 and 陈宇},
  year = {2024},
  journal = {密码学报},
  volume = {11},
  number = {2},
  pages = {263--281},
}
